<record><leader>00000cas a2200000 a 4500</leader><controlfield tag="001">5460175</controlfield><controlfield tag="008">791003d19591985ohudn ne      0   a0eng d</controlfield><controlfield tag="009">1186</controlfield><datafield ind1=" " ind2=" " tag="010"><subfield code="a">sn 85042556 </subfield></datafield><datafield ind1=" " ind2=" " tag="040"><subfield code="a">OCC</subfield><subfield code="b">eng</subfield><subfield code="c">OCC</subfield><subfield code="d">OCL</subfield><subfield code="d">DLC</subfield><subfield code="d">ONP</subfield><subfield code="d">OCL</subfield><subfield code="d">OCLCQ</subfield></datafield><datafield ind1="1" ind2=" " tag="029"><subfield code="a">AU@</subfield><subfield code="b">000025821850</subfield></datafield><datafield ind1=" " ind2=" " tag="037"><subfield code="b">Columbus Citizen-Journal, 34 S. Third St., Columbus OH 43216</subfield></datafield><datafield ind1=" " ind2=" " tag="042"><subfield code="a">msc</subfield></datafield><datafield ind1="0" ind2="0" tag="050"><subfield code="a">Newspaper</subfield></datafield><datafield ind1="0" ind2="0" tag="245"><subfield code="a">Columbus citizen-journal.</subfield></datafield><datafield ind1="3" ind2="0" tag="246"><subfield code="a">Columbus citizen journal</subfield></datafield><datafield ind1=" " ind2=" " tag="260"><subfield code="a">Columbus, Ohio :</subfield><subfield code="b">Scripps-Howard,</subfield><subfield code="c">1959-1985.</subfield></datafield><datafield ind1=" " ind2=" " tag="300"><subfield code="a">v.</subfield></datafield><datafield ind1=" " ind2=" " tag="310"><subfield code="a">Daily (except Sun.)</subfield></datafield><datafield ind1="0" ind2=" " tag="362"><subfield code="a">Vol. 1, no. 1 (Nov. 9, 1959)-v. 27, no. 45 (Dec. 31, 1985).</subfield></datafield><datafield ind1=" " ind2=" " tag="530"><subfield code="a">Also available on microfilm from Micro Photo Division, Bell &amp; Howell Co.</subfield></datafield><datafield ind1=" " ind2="4" tag="651"><subfield code="a">Columbus (Ohio)</subfield><subfield code="v">Newspapers.</subfield></datafield><datafield ind1=" " ind2="4" tag="651"><subfield code="a">Franklin County (Ohio)</subfield><subfield code="v">Newspapers.</subfield></datafield><datafield ind1=" " ind2=" " tag="752"><subfield code="a">United States</subfield><subfield code="b">Ohio</subfield><subfield code="c">Franklin</subfield><subfield code="d">Columbus.</subfield></datafield><datafield ind1="0" ind2="4" tag="780"><subfield code="t">Ohio State journal (Columbus, Ohio : 1897)</subfield><subfield code="w">(DLC)sn 83045386</subfield></datafield><datafield ind1="0" ind2="4" tag="780"><subfield code="t">Columbus citizen</subfield><subfield code="w">(DLC)sn 83045041</subfield></datafield></record>